 @article{Clement1999,
  author  = {Clement, A. and Cane, M. A. and Seager, R.},
  title   = {{Orbital controls on the Tropical climate}},
  journal = {Paleoceanography},
  year    = {1999},
  volume  = {14},
  pages   = {441--456}
 }
