 @incollection{simmons:1980,
  author    = "N. M. Simmons",
  title     = "Behaviour",
  pages     = "124-44",
  year      = 1980,
  booktitle = "The Desert Bighorn",
  editor    = "Gale Monson and Lowell Summer",
  publisher = "University of Arizona Press",
  address   = "Tucson, AZ",
 }
